@Manual{milkymist,
	title = "Milkymist - eyecandy on a chip",
	author = "S\'ebastien Bourdeauducq",
	note = "\texttt{http://www.milkymist.org}"
}

@Manual{milkdrop,
	title = "MilkDrop plug-in for Winamp",
	author = "Nullsoft",
	note = "\texttt{http://www.nullsoft.com/ free/milkdrop/}"
}

@Manual{wishbone,
	title = "WISHBONE System-on-Chip (SoC) Interconnection Architecture for Portable IP Cores",
	author = "Silicore Corporation and OpenCores.org",
	year = 2002,
	note = "\texttt{http://opencores.org/downloads/wbspec\_b3.pdf}"
}

@Manual{mico32,
	title = "LatticeMico32",
	author = "Lattice Semiconductor",
	note = "\texttt{http://www.latticesemi.com/products/ intellectualproperty/ipcores/mico32/index.cfm}"
}

@Manual{microblaze,
	title = "Microblaze Soft Processor Core",
	author = "Xilinx",
	note = "\texttt{http://www.xilinx.com/tools/microblaze.htm}"
}

@Manual{nios,
	title = "Nios II Processor: The World's Most Versatile Embedded Processor",
	author = "Altera",
	note = "\texttt{http://www.altera.com/products/ip/processors/nios2/ni2-index.html}"
}

@Manual{aemb,
	title = "AEMB 32-bit Microprocessor Core",
	author = "Shawn Tan",
	note = "\texttt{http://www.opencores.org/?do=project\&who=aemb}"
}

@Manual{grlib,
	title = "SOC Library",
	author = "Aeroflex Gaisler",
	note = "\texttt{http://www.gaisler.com}"
}

@Manual{opensparc,
	title = "OpenSPARC",
	author = "Sun Microsystems",
	note = "\texttt{http://www.opensparc.net}"
}

@Manual{simplyrisc,
	title = "Simply RISC S1 Core",
	author = "Simply RISC",
	note = "\texttt{http://www.srisc.com/?s1}"
}

@Manual{openrisc,
	title = "OpenRISC",
	author = "Opencores",
	note = "\texttt{http://www.opencores.org/project,or1k}"
}

@Manual{pagemode,
	title = "Indexing Memory Banks to Maximize Page Mode Hit Percentage and Minimize Memory Latency",
	author = "Tomas Rokicki",
	institution = "HP Laboratories Palo Alto",
	year = 2003,
	note = "\texttt{http://www.hpl.hp.com/techreports/96/HPL-96-95R1.html}"
}
